@MISC{wind,
   author = {National Centers for Environmental Information (NCEI)},
   title = {Global Historical Climatology Network Daily (ghcnd)},
   url =          "\url{https://www.ncei.noaa.gov/products/land-based-station/global-historical-climatology-network-daily}",
 }

